@misc{website:Ethereum,
  title = {Ethereum},
  url   = {https://ethereum.org/en/}
}

@misc{website:Etherscan-chart,
  title = {Etherscan chart},
  url   = {https://etherscan.io/chart/tx}
}

@misc{website:POW,
  title = {POW},
  url   = {https://ethereum.org/en/developers/docs/consensus-mechanisms/pow/}
}

@misc{website:Shanghai-upgrade,
  title = {Shanghai upgrade},
  url   = {https://ethereum.org/en/upgrades/merge/#accordion-button-:R9uprlajkau:}
}

@misc{website:POS,
  title = {POS},
  url   = {https://ethereum.org/en/developers/docs/consensus-mechanisms/pos/}
}

@misc{website:BSC,
  title = {BSC},
  url   = {https://bscscan.com/}
}

@misc{website:Solana,
  title = {Solana},
  url   = {https://solana.com/zh}
}

@misc{website:Aptos,
  title = {Aptos},
  url   = {https://aptoslabs.com/}
}

@misc{website:Polygon,
  title = {Polygon},
  url   = {https://polygon.technology/}
}

@misc{website:Optimism,
  title = {Optimism},
  url   = {https://optimistic.etherscan.io/}
}

@misc{website:Arbitrum,
  title = {Arbitrum},
  url   = {https://arbiscan.io/}
}

@misc{website:Polygon-Hermez,
  title = {Polygon Hermez},
  url   = {https://github.com/0xPolygonHermez/zkevm-techdocs}
}

@misc{website:Zksync,
  title = {Zksync},
  url   = {https://zksync.io/}
}

@misc{website:Web3,
  title = {Web3},
  url   = {https://en.wikipedia.org/wiki/Web3}
}

@misc{website:Zcash,
  title = {Zcash},
  url   = {https://z.cash/}
}

@misc{website:Monero,
  title = {Monero},
  url   = {https://www.getmonero.org/}
}

@misc{website:Dash,
  title = {Dash},
  url   = {https://www.dash.org/}
}

@misc{website:Grin,
  title = {Grin},
  url   = {https://grin.mw/}
}

@misc{website:Aztec,
  title = {Aztec},
  url   = {https://aztec.network/}
}

@misc{website:zk.money,
  title = {zk.money},
  url   = {https://zk.money/}
}

@misc{website:Manta-network,
  title = {Manta network},
  url   = {https://manta.network/}
}

@misc{website:Aleo,
  title = {Aleo},
  url   = {https://www.aleo.org/}
}

@misc{website:BTC,
  title = {BTC},
  url   = {https://bitcoin.org/en/}
}

@misc{website:Aztec3,
  title = {Aztec3},
  url   = {https://docs.aztec.network/aztec3}
}




